@article{name1,
  author = {陈庆霞},
  title = {人工智能研究纲领的发展历程和前景},
  year = {2008},
  edition = {33},
  volume = {科技信息},
  pages = {49-49}
}

@article{name2,
  author = {Turing A M},
  title = {Computing machinery and intelligence},
  year = {2009},
  volume = {Springer, Dordrecht},
  pages = {23-65}
}

@article{name3,
  author = {Turing A M and B. Jack Copeland},
  title = {Can digital computers think?},
  year = {1951},
  volume = {The Essential Turing, Oxford University Press},
  pages = {476-486}
}

@article{name4,
  author = {Turing A M and Richard Braithwaite and Geoffrey Jefferson and Max H A Newman},
  title = {Can automatic calculating machines be said to think},
  year = {1952},
  volume = {The Essential Turing, Oxford University Press},
  pages = {487-506}
}

@article{name5,
  author = {John R Searle},
  title = {Minds, brains, and programs},
  year = {1980/9},
  volume = {Behavioral and brain sciences},
  edition = {3},
  pages = {487-506}
}

@article{name6,
  author = {AK Mackworth},
  title = {Consistency in networks of relations},
  year = {1977},
  volume = {Aitificial intelligence},
  edition = {8},
  pages = {99-118}
}

@article{name7,
  author = {Silver D and Schrittwieser J and Simonyan K},
  title = {Mastering the game of Go without human knowledge},
  year = {2017},
  volume = {Nature},
  pages = {354-359}
}
